% Chapter 1
% =========

@article{intrieri:2002,
	title = {An annual cycle of Arctic surface cloud forcing at SHEBA},
	volume = {107},
	issn = {0148-0227},
	url = {http://doi.wiley.com/10.1029/2000JC000439},
	doi = {10.1029/2000JC000439},
	language = {en},
	number = {C10},
	urldate = {2022-12-24},
	journal = {Journal of Geophysical Research},
	author = {Intrieri, J. M.},
	year = {2002},
	pages = {8039},
}


@article{granskog:2018,
	title = {Atmosphere-Ice-Ocean-Ecosystem Processes in a Thinner Arctic Sea Ice Regime: The Norwegian Young Sea ICE (N-ICE2015) Expedition},
	volume = {123},
	issn = {21699275},
	url = {http://doi.wiley.com/10.1002/2017JC013328},
	doi = {10.1002/2017JC013328},
	language = {en},
	number = {3},
	urldate = {2022-05-17},
	journal = {Journal of Geophysical Research: Oceans},
	author = {Granskog, Mats A. and Fer, Ilker and Rinke, Annette and Steen, Harald},
	month = mar,
	year = {2018},
	pages = {1586--1594},
}

@article{graham:2017,
	title = {A comparison of the two Arctic atmospheric winter states observed during N-ICE2015 and SHEBA},
	volume = {122},
	issn = {2169-8996},
	url = {https://onlinelibrary.wiley.com/doi/abs/10.1002/2016JD025475},
	doi = {10.1002/2016JD025475},
	language = {en},
	number = {11},
	urldate = {2022-05-17},
	journal = {Journal of Geophysical Research: Atmospheres},
	author = {Graham, Robert M. and Rinke, Annette and Cohen, Lana and Hudson, Stephen R. and Walden, Von P. and Granskog, Mats A. and Dorn, Wolfgang and Kayser, Markus and Maturilli, Marion},
	year = {2017},
}

@article{grachev:2008,
	title = {Turbulent measurements in the stable atmospheric boundary layer during SHEBA: ten years after},
	volume = {56},
	issn = {1895-6572, 1895-7455},
	url = {http://link.springer.com/10.2478/s11600-007-0048-9},
	doi = {10.2478/s11600-007-0048-9},
	language = {en},
	number = {1},
	urldate = {2022-05-17},
	journal = {Acta Geophysica},
	author = {Grachev, Andrey A. and Andreas, Edgar L. and Fairall, Christopher W. and Guest, Peter S. and Persson, P. Ola G.},
	month = mar,
	year = {2008},
	keywords = {Boundary layer, SHEBA},
	pages = {142--166},
}

@article{grachev:2007,
	title = {SHEBA flux–profile relationships in the stable atmospheric boundary layer},
	volume = {124},
	issn = {0006-8314, 1573-1472},
	url = {http://link.springer.com/10.1007/s10546-007-9177-6},
	doi = {10.1007/s10546-007-9177-6},
	language = {en},
	number = {3},
	urldate = {2022-05-17},
	journal = {Boundary-Layer Meteorology},
	author = {Grachev, Andrey A. and Andreas, Edgar L and Fairall, Christopher W. and Guest, Peter S. and Persson, P. Ola G.},
	month = jul,
	year = {2007},
	keywords = {Boundary layer, SHEBA},
	pages = {315--333},
}

@article{persson:2002,
	title = {Measurements near the Atmospheric Surface Flux Group tower at SHEBA: Near-surface conditions and surface energy budget},
	volume = {107},
	issn = {0148-0227},
	url = {http://doi.wiley.com/10.1029/2000JC000705},
	doi = {10.1029/2000JC000705},
	language = {en},
	number = {C10},
	urldate = {2023-01-23},
	journal = {Journal of Geophysical Research},
	author = {Persson, P. Ola G.},
	year = {2002},
	pages = {8045},
}

@article{turner:2005,
	title = {Arctic Mixed-Phase Cloud Properties from AERI Lidar Observations: Algorithm and Results from SHEBA},
	volume = {44},
	issn = {1520-0450, 0894-8763},
	url = {https://journals.ametsoc.org/doi/10.1175/JAM2208.1},
	doi = {10.1175/JAM2208.1},
	language = {en},
	number = {4},
	urldate = {2023-01-23},
	journal = {Journal of Applied Meteorology},
	author = {Turner, D. D.},
	month = apr,
	year = {2005},
	pages = {427--444},}

@article{shupe:2006,
	title = {Arctic Mixed-Phase Cloud Properties Derived from Surface-Based Sensors at SHEBA},
	volume = {63},
	issn = {1520-0469, 0022-4928},
	url = {https://journals.ametsoc.org/doi/10.1175/JAS3659.1},
	doi = {10.1175/JAS3659.1},
	language = {en},
	number = {2},
	urldate = {2023-01-23},
	journal = {Journal of the Atmospheric Sciences},
	author = {Shupe, Matthew D. and Matrosov, Sergey Y. and Uttal, Taneil},
	month = feb,
	year = {2006},
	pages = {697--711},
}

@article{uttal:2002,
	title = {Surface Heat Budget of the Arctic Ocean},
	volume = {83},
	issn = {0003-0007, 1520-0477},
	url = {http://journals.ametsoc.org/doi/10.1175/1520-0477(2002)083<0255:SHBOTA>2.3.CO;2},
	doi = {10.1175/1520-0477(2002)083<0255:SHBOTA>2.3.CO;2},
	language = {en},
	number = {2},
	urldate = {2023-02-02},
	journal = {Bulletin of the American Meteorological Society},
	author = {Uttal, Taneil and Curry, Judith A. and Mcphee, Miles G. and Perovich, Donald K. and Moritz, Richard E. and Maslanik, James A. and Guest, Peter S. and Stern, Harry L. and Moore, James A. and Turenne, Rene and Heiberg, Andreas and Serreze, Mark C. and Wylie, Donald P. and Persson, Ola G. and Paulson, Clayton A. and Halle, Christopher and Morison, James H. and Wheeler, Patricia A. and Makshtas, Alexander and Welch, Harold and Shupe, Matthew D. and Intrieri, Janet M. and Stamnes, Knut and Lindsey, Ronald W. and Pinkel, Robert and Pegau, W. Scott and Stanton, Timothy P. and Grenfeld, Thomas C.},
	month = feb,
	year = {2002},
	pages = {255--275},
}

@article{meier:2014,
	title = {Arctic sea ice in transformation: A review of recent observed changes and impacts on biology and human activity},
	volume = {52},
	issn = {87551209},
	shorttitle = {Arctic sea ice in transformation},
	url = {http://doi.wiley.com/10.1002/2013RG000431},
	doi = {10.1002/2013RG000431},
	language = {en},
	number = {3},
	urldate = {2023-01-26},
	journal = {Reviews of Geophysics},
	author = {Meier, Walter N. and Hovelsrud, Greta K. and van Oort, Bob E.H. and Key, Jeffrey R. and Kovacs, Kit M. and Michel, Christine and Haas, Christian and Granskog, Mats A. and Gerland, Sebastian and Perovich, Donald K. and Makshtas, Alexander and Reist, James D.},
	month = sep,
	year = {2014},
	pages = {185--217},
}

@article{rantanen:2022,
	title = {The Arctic has warmed nearly four times faster than the globe since 1979},
	volume = {3},
	issn = {2662-4435},
	url = {https://www.nature.com/articles/s43247-022-00498-3},
	doi = {10.1038/s43247-022-00498-3},
	language = {en},
	number = {1},
	urldate = {2023-02-01},
	journal = {Communications Earth \& Environment},
	author = {Rantanen, Mika and Karpechko, Alexey Yu. and Lipponen, Antti and Nordling, Kalle and Hyvärinen, Otto and Ruosteenoja, Kimmo and Vihma, Timo and Laaksonen, Ari},
	month = aug,
	year = {2022},
	pages = {168},
}

@article{uttal:2002,
	title = {Surface Heat Budget of the Arctic Ocean},
	volume = {83},
	issn = {0003-0007, 1520-0477},
	url = {http://journals.ametsoc.org/doi/10.1175/1520-0477(2002)083<0255:SHBOTA>2.3.CO;2},
	doi = {10.1175/1520-0477(2002)083<0255:SHBOTA>2.3.CO;2},
	language = {en},
	number = {2},
	urldate = {2023-02-02},
	journal = {Bulletin of the American Meteorological Society},
	author = {Uttal, Taneil and Curry, Judith A. and Mcphee, Miles G. and Perovich, Donald K. and Moritz, Richard E. and Maslanik, James A. and Guest, Peter S. and Stern, Harry L. and Moore, James A. and Turenne, Rene and Heiberg, Andreas and Serreze, Mark C. and Wylie, Donald P. and Persson, Ola G. and Paulson, Clayton A. and Halle, Christopher and Morison, James H. and Wheeler, Patricia A. and Makshtas, Alexander and Welch, Harold and Shupe, Matthew D. and Intrieri, Janet M. and Stamnes, Knut and Lindsey, Ronald W. and Pinkel, Robert and Pegau, W. Scott and Stanton, Timothy P. and Grenfeld, Thomas C.},
	month = feb,
	year = {2002},
	pages = {255--275},
}

@article{hines:2015,
    title = {Sea Ice Enhancements to Polar WRF},
    author = {Hines, Keith M. and Bromwich, David H. and Bai, Lesheng and Bitz, Cecilia M. and Powers, Jordan G. and Manning, Kevin W.},
    year = {2015},
    month = jun,
    journal = {Monthly Weather Review},
    volume = {143},
    number = {6},
    pages = {2363--2385},
    issn = {0027-0644, 1520-0493},
    doi = {10.1175/MWR-D-14-00344.1},
}

@article{intrieri:2002,
    title = {An Annual Cycle of Arctic Surface Cloud Forcing at SHEBA},
    author = {Intrieri, J. M.},
    year = {2002},
    journal = {Journal of Geophysical Research},
    volume = {107},
    number = {C10},
    pages = {8039},
    issn = {0148-0227},
    doi = {10.1029/2000JC000439},
}

@article{stroeve:2018,
    title = {Changing State of Arctic Sea Ice across All Seasons},
    author = {Stroeve, Julienne and Notz, Dirk},
    year = {2018},
    month = sep,
    journal = {Environmental Research Letters},
    volume = {13},
    number = {10},
    pages = {103001},
    issn = {1748-9326},
    doi = {10.1088/1748-9326/aade56},
}

@article{tjernstrom:2014a,
    title = {The Arctic Summer Cloud Ocean Study (ASCOS): Overview and Experimental Design},
    author = {Tjernstr{\"o}m, M. and Leck, C. and Birch, C. E. and Bottenheim, J. W. and Brooks, B. J. and Brooks, I. M. and B{\"a}cklin, L. and Chang, R. Y.-W. and {de Leeuw}, G. and Di Liberto, L. and {de la Rosa}, S. and Granath, E. and Graus, M. and Hansel, A. and Heintzenberg, J. and Held, A. and Hind, A. and Johnston, P. and Knulst, J. and Martin, M. and Matrai, P. A. and Mauritsen, T. and M{\"u}ller, M. and Norris, S. J. and Orellana, M. V. and Orsini, D. A. and Paatero, J. and Persson, P. O. G. and Gao, Q. and Rauschenberg, C. and Ristovski, Z. and Sedlar, J. and Shupe, M. D. and Sierau, B. and Sirevaag, A. and Sjogren, S. and Stetzer, O. and Swietlicki, E. and Szczodrak, M. and Vaattovaara, P. and Wahlberg, N. and Westberg, M. and Wheeler, C. R.},
    year = {2014},
    month = mar,
    journal = {Atmospheric Chemistry and Physics},
    volume = {14},
    number = {6},
    pages = {2823--2869},
    issn = {1680-7324},
}

@article{tjernstrom:2004,
    title = {Experimental Equipment: A Supplement to The Summertime Arctic Atmosphere: Meteorological Measurement during the Arctic Ocean Experiment 2001},
    author = {Tjernstr{\"o}m, Michael and Leck, Caroline and Persson, P. Ola G. and Jensen, Michael L. and Oncley, Steven P. and Targino, Admir},
    year = {2004},
    month = sep,
    journal = {Bulletin of the American Meteorological Society},
    volume = {85},
    number = {9},
    pages = {ES14-ES18},
    issn = {0003-0007, 1520-0477},
    doi = {10.1175/BAMS-85-9-Tjernstrom},
    langid = {english},
}

@article{tjernstrom:2005,
    title = {Modelling the Arctic Boundary Layer: An Evaluation of Six Arcmip Regional-Scale Models Using Data from the Sheba Project},
    author = {Tjernstr{\"o}m, Michael and {\v Z}agar, Mark and Svensson, Gunilla and Cassano, John J. and Pfeifer, Susanne and Rinke, Annette and Wyser, Klaus and Dethloff, Klaus and Jones, Colin and Semmler, Tido and Shaw, Michael},
    year = {2005},
    month = nov,
    journal = {Boundary-Layer Meteorology},
    volume = {117},
    number = {2},
    pages = {337--381},
    issn = {0006-8314, 1573-1472},
    doi = {10.1007/s10546-004-7954-z},
}

@article{uttal:2002,
    title = {Surface Heat Budget of the Arctic Ocean},
    author = {Uttal, Taneil and Curry, Judith A. and Mcphee, Miles G. and Perovich, Donald K. and Moritz, Richard E. and Maslanik, James A. and Guest, Peter S. and Stern, Harry L. and Moore, James A. and Turenne, Rene and Heiberg, Andreas and Serreze, Mark C. and Wylie, Donald P. and Persson, Ola G. and Paulson, Clayton A. and Halle, Christopher and Morison, James H. and Wheeler, Patricia A. and Makshtas, Alexander and Welch, Harold and Shupe, Matthew D. and Intrieri, Janet M. and Stamnes, Knut and Lindsey, Ronald W. and Pinkel, Robert and Pegau, W. Scott and Stanton, Timothy P. and Grenfeld, Thomas C.},
    year = {2002},
    month = feb,
    journal = {Bulletin of the American Meteorological Society},
    volume = {83},
    number = {2},
    pages = {255--275},
    issn = {0003-0007, 1520-0477},
    doi = {10.1175/1520-0477(2002)083<0255:SHBOTA>2.3.CO;2},
}

@article{wunderling:2020,
    title = {Global Warming Due to Loss of Large Ice Masses and Arctic Summer Sea Ice},
    author = {Wunderling, Nico and Willeit, Matteo and Donges, Jonathan F. and Winkelmann, Ricarda},
    year = {2020},
    month = oct,
    journal = {Nature Communications},
    volume = {11},
    number = {1},
    pages = {5177},
    issn = {2041-1723},
    doi = {10.1038/s41467-020-18934-3},
}

@inbook{ipcc_techsum,
    author = {Arias, P.A. and Bellouin, N. and Coppola, E. and Jones, R.G. and Krinner, G. and Marotzke, J. and Naik, V. and Palmer, M.D. and Plattner, G.-K. and Rogelj, J. and Rojas, M. and Sillmann, J. and Storelvmo, T. and Thorne, P.W. and Trewin, B. and Achuta Rao, K.  and Adhikary, B. and Allan, R.P. and Armour, K. and Bala, G. and Barimalala, R. and Berger, S. and Canadell, J.G. and Cassou, C. and Cherchi, A. and Collins, W. and Collins, W.D. and Connors, S.L. and Corti, S. and Cruz, F. and Dentener, F.J. and Dereczynski, C. and Di Luca, A. and Diongue Niang, A.  and Doblas-Reyes, F.J. and Dosio, A. and Douville, H. and Engelbrecht, F. and Eyring, V. and Fischer, E. and Forster, P. and Fox-Kemper, B. and Fuglestvedt, J.S. and Fyfe, J.C. and Gillett, N.P. and Goldfarb, L. and Gorodetskaya, I. and Gutierrez, J.M. and Hamdi, R. and Hawkins, E. and Hewitt, H.T. and Hope, P. and Islam, A.S. and Jones, C. and Kaufman, D.S. and Kopp, R.E. and Kosaka, Y. and Kossin, J. and Krakovska, S. and Lee, J.-Y. and Li, J. and Mauritsen, T. and Maycock, T.K. and Meinshausen, M. and Min, S.-K. and Monteiro, P.M.S. and Ngo-Duc, T. and Otto, F. and Pinto, I. and Pirani, A. and Raghavan, K. and Ranasinghe, R. and Ruane, A.C. and Ruiz, L. and Sallée, J.-B. and Samset, B.H. and Sathyendranath, S. and Seneviratne, S.I. and Sörensson, A.A. and Szopa, S. and Takayabu, I. and Tréguier, A.-M. and van den Hurk, B.  and Vautard, R. and von Schuckmann, K.  and Zaehle, S. and Zhang, X. and Zickfeld, K.},
    title = {Technical Summary},
    booktitle = {Climate Change 2021: The Physical Science Basis. Contribution of Working Group I to the Sixth Assessment Report of the Intergovernmental Panel on Climate Change},
    editor = {Masson-Delmotte, V. and Zhai, P. and Pirani, A. and Connors, S.L. and Péan, C. and Berger, S. and Caud, N. and Chen, Y. and Goldfarb, L. and Gomis, M.I. and Huang, M. and Leitzell, K. and Lonnoy, E. and Matthews, J.B.R. and Maycock, T.K. and Waterfield, T. and Yelekçi, O. and Yu, R. and Zhou, B.},
    publisher = {Cambridge University Press},
    address = {Cambridge, United Kingdom and New York, NY, USA},
    pages = {33−144},
    DOI = {10.1017/9781009157896.002},
    year = {2021},
    type = {Book Section}
}

@article{inoue:2008,
    title = {Application of Aerosondes to Melt-Pond Observations over Arctic Sea Ice},
    volume = {25},
    issn = {1520-0426, 0739-0572},
    url = {http://journals.ametsoc.org/doi/10.1175/2007JTECHA955.1},
    doi = {10.1175/2007JTECHA955.1},
    language = {en},
    number = {2},
    urldate = {2023-01-23},
    journal = {Journal of Atmospheric and Oceanic Technology},
    author = {Inoue, Jun and Curry, Judith A. and Maslanik, James A.},
    month = feb,
    year = {2008},
    pages = {327--334}
}

@software{epro,
    author = {LI-COR, Inc: Infrastructure for Measurements of the European Carbon Cycle consortium},
    title = {EddyPro Software},
    url = {https://www.licor.com/env/products/eddy_covariance/eddypro},
    version = {7.0},
}

@book{epro_man,
    title = {EddyPro version 7.0 Help and User's Guide},
    author = {LI-COR Inc},
    year = {2021},
    publisher = {LI-COR, Inc. Lincoln, NE}
}

% Chapter 2
% =========

@article{overland:2011,
    title = {Potential Arctic Change Through Climate Amplification Processes},
    volume = {24},
    issn = {10428275},
    url = {https://tos.org/oceanography/article/potential-arctic-change-through-climate-amplification-processes},
    doi = {10.5670/oceanog.2011.70},
    language = {en},
    number = {3},
    urldate = {2023-01-23},
    journal = {Oceanography},
    author = {Overland, James},
    month = sep,
    year = {2011},
    pages = {176--185},
}

@article{stroeve:2007,
    title = {Arctic sea ice decline: Faster than forecast},
    volume = {34},
    issn = {00948276},
    url = {http://doi.wiley.com/10.1029/2007GL029703},
    doi = {10.1029/2007GL029703},
    language = {en},
    number = {9},
    urldate = {2023-01-23},
    journal = {Geophysical Research Letters},
    author = {Stroeve, Julienne and Holland, Marika M. and Meier, Walt and Scambos, Ted and Serreze, Mark},
    month = may,
    year = {2007},
}

@article{persson:2002,
    title = {Measurements near the Atmospheric Surface Flux Group tower at SHEBA: Near-surface conditions and surface energy budget},
    volume = {107},
    issn = {0148-0227},
    url = {http://doi.wiley.com/10.1029/2000JC000705},
    doi = {10.1029/2000JC000705},
    language = {en},
    number = {C10},
    urldate = {2023-01-23},
    journal = {Journal of Geophysical Research},
    author = {Persson, P. Ola G.},
    year = {2002},
    pages = {8045},
}

@article{zhang:2008,
    title = {What drove the dramatic retreat of arctic sea ice during summer 2007?},
    volume = {35},
    issn = {0094-8276},
    url = {http://doi.wiley.com/10.1029/2008GL034005},
    doi = {10.1029/2008GL034005},
    language = {en},
    number = {11},
    urldate = {2023-01-23},
    journal = {Geophysical Research Letters},
    author = {Zhang, Jinlun and Lindsay, Ron and Steele, Mike and Schweiger, Axel},
    month = jun,
    year = {2008},
    pages = {L11505},
}

@article{schweiger:2004,
    title = {Changes in seasonal cloud cover over the Arctic seas from satellite and surface observations},
    volume = {31},
    issn = {00948276},
    url = {http://doi.wiley.com/10.1029/2004GL020067},
    doi = {10.1029/2004GL020067},
    language = {en},
    number = {12},
    urldate = {2023-01-23},
    journal = {Geophysical Research Letters},
    author = {Schweiger, Axel J.},
    month = jun,
    year = {2004},
}

@article{miller:2017,
    title = {Episodic Neoglacial snowline descent and glacier expansion on Svalbard reconstructed from the 14C ages of ice-entombed plants},
    volume = {155},
    issn = {02773791},
    url = {https://linkinghub.elsevier.com/retrieve/pii/S0277379116304942},
    doi = {10.1016/j.quascirev.2016.10.023},
    language = {en},
    urldate = {2023-01-23},
    journal = {Quaternary Science Reviews},
    author = {Miller, Gifford H. and Landvik, Jon Y. and Lehman, Scott J. and Southon, John R.},
    month = jan,
    year = {2017},
    pages = {67--78},
}

@article{granskog:2015,
    title = {Effect of sea‐ice melt on inherent optical properties and vertical distribution of solar radiant heating in Arctic surface waters},
    volume = {120},
    issn = {2169-9275, 2169-9291},
    url = {https://onlinelibrary.wiley.com/doi/abs/10.1002/2015JC011087},
    doi = {10.1002/2015JC011087},
    language = {en},
    number = {10},
    urldate = {2023-01-23},
    journal = {Journal of Geophysical Research: Oceans},
    author = {Granskog, Mats A. and Pavlov, Alexey K. and Sagan, Sławomir and Kowalczuk, Piotr and Raczkowska, Anna and Stedmon, Colin A.},
    month = oct,
    year = {2015},
    pages = {7028--7039},
}

@article{walden:2017,
    title = {Atmospheric components of the surface energy budget over young sea ice: Results from the N-ICE2015 campaign},
    volume = {122},
    issn = {2169897X},
    url = {http://doi.wiley.com/10.1002/2016JD026091},
    doi = {10.1002/2016JD026091},
    language = {en},
    number = {16},
    urldate = {2023-01-23},
    journal = {Journal of Geophysical Research: Atmospheres},
    author = {Walden, Von P. and Hudson, Stephen R. and Cohen, Lana and Murphy, Sarah Y. and Granskog, Mats A.},
    month = aug,
    year = {2017},
    pages = {8427--8446},
}

@article{cao:2019,
    title = {Impacts of Changes in Sea Ice and Heat Flux on Arctic Warming},
    volume = {09},
    issn = {2160-0414, 2160-0422},
    url = {http://www.scirp.org/journal/doi.aspx?DOI=10.4236/acs.2019.91006},
    doi = {10.4236/acs.2019.91006},
    language = {en},
    number = {01},
    urldate = {2023-01-23},
    journal = {Atmospheric and Climate Sciences},
    author = {Cao, Yong and Bian, Lingen and Zhao, Jinping},
    year = {2019},
    pages = {84--99},
}

@article{andreas:2010,
    title = {Parametrizing turbulent exchange over summer sea ice and the marginal ice zone},
    volume = {136},
    issn = {00359009, 1477870X},
    url = {https://onlinelibrary.wiley.com/doi/10.1002/qj.618},
    doi = {10.1002/qj.618},
    language = {en},
    number = {649},
    urldate = {2023-01-23},
    journal = {Quarterly Journal of the Royal Meteorological Society},
    author = {Andreas, Edgar L and Horst, Thomas W. and Grachev, Andrey A. and Persson, P. Ola G. and Fairall, Christopher W. and Guest, Peter S. and Jordan, Rachel E.},
    month = apr,
    year = {2010},
    pages = {927--943},
}

@article{grachev:2007,
    title = {SHEBA flux–profile relationships in the stable atmospheric boundary layer},
    volume = {124},
    issn = {0006-8314, 1573-1472},
    url = {http://link.springer.com/10.1007/s10546-007-9177-6},
    doi = {10.1007/s10546-007-9177-6},
    language = {en},
    number = {3},
    urldate = {2023-01-23},
    journal = {Boundary-Layer Meteorology},
    author = {Grachev, Andrey A. and Andreas, Edgar L and Fairall, Christopher W. and Guest, Peter S. and Persson, P. Ola G.},
    month = jul,
    year = {2007},
    pages = {315--333},
}

@article{turner:2005,
    title = {Arctic Mixed-Phase Cloud Properties from AERI Lidar Observations: Algorithm and Results from SHEBA},
    volume = {44},
    issn = {1520-0450, 0894-8763},
    url = {https://journals.ametsoc.org/doi/10.1175/JAM2208.1},
    doi = {10.1175/JAM2208.1},
    language = {en},
    number = {4},
    urldate = {2023-01-23},
    journal = {Journal of Applied Meteorology},
    author = {Turner, D. D.},
    month = apr,
    year = {2005},
    pages = {427--444},
}

@article{turner:2002,
    title = {Anomalous atmospheric circulation over the Weddell Sea, Antarctica during the Austral summer of 2001/02 resulting in extreme sea ice conditions},
    volume = {29},
    issn = {00948276},
    url = {http://doi.wiley.com/10.1029/2002GL015565},
    doi = {10.1029/2002GL015565},
    language = {en},
    number = {24},
    urldate = {2023-01-23},
    journal = {Geophysical Research Letters},
    author = {Turner, John and Harangozo, Stephen A. and Marshall, Gareth J. and King, John C. and Colwell, Steve R.},
    month = dec,
    year = {2002},
}

@article{shupe:2006,
    title = {Arctic Mixed-Phase Cloud Properties Derived from Surface-Based Sensors at SHEBA},
    volume = {63},
    issn = {1520-0469, 0022-4928},
    url = {https://journals.ametsoc.org/doi/10.1175/JAS3659.1},
    doi = {10.1175/JAS3659.1},
    language = {en},
    number = {2},
    urldate = {2023-01-23},
    journal = {Journal of the Atmospheric Sciences},
    author = {Shupe, Matthew D. and Matrosov, Sergey Y. and Uttal, Taneil},
    month = feb,
    year = {2006},
    pages = {697--711},
}

@article{shupe:2004,
    title = {Cloud Radiative Forcing of the Arctic Surface: The Influence of Cloud Properties, Surface Albedo, and Solar Zenith Angle},
    volume = {17},
    issn = {0894-8755, 1520-0442},
    url = {http://journals.ametsoc.org/doi/10.1175/1520-0442(2004)017<0616:CRFOTA>2.0.CO;2},
    doi = {10.1175/1520-0442(2004)017<0616:CRFOTA>2.0.CO;2},
    language = {en},
    number = {3},
    urldate = {2023-01-23},
    journal = {Journal of Climate},
    author = {Shupe, Matthew D. and Intrieri, Janet M.},
    month = feb,
    year = {2004},
    pages = {616--628},
}

@article{sotiropoulou:2016,
    title = {Atmospheric Conditions during the Arctic Clouds in Summer Experiment (ACSE): Contrasting Open Water and Sea Ice Surfaces during Melt and Freeze-Up Seasons},
    volume = {29},
    issn = {0894-8755, 1520-0442},
    url = {http://journals.ametsoc.org/doi/10.1175/JCLI-D-16-0211.1},
    doi = {10.1175/JCLI-D-16-0211.1},
    language = {en},
    number = {24},
    urldate = {2023-01-23},
    journal = {Journal of Climate},
    author = {Sotiropoulou, Georgia and Tjernström, Michael and Sedlar, Joseph and Achtert, Peggy and Brooks, Barbara J. and Brooks, Ian M. and Persson, P. Ola G. and Prytherch, John and Salisbury, Dominic J. and Shupe, Matthew D. and Johnston, Paul E. and Wolfe, Dan},
    month = dec,
    year = {2016},
    pages = {8721--8744},
}

@article{verlinde:2007,
    title = {The Mixed-Phase Arctic Cloud Experiment},
    volume = {88},
    issn = {0003-0007, 1520-0477},
    url = {https://journals.ametsoc.org/doi/10.1175/BAMS-88-2-205},
    doi = {10.1175/BAMS-88-2-205},
    language = {en},
    number = {2},
    urldate = {2023-01-23},
    journal = {Bulletin of the American Meteorological Society},
    author = {Verlinde, J. and Harrington, J. Y. and McFarquhar, G. M. and Yannuzzi, V. T. and Avramov, A. and Greenberg, S. and Johnson, N. and Zhang, G. and Poellot, M. R. and Mather, J. H. and Turner, D. D. and Eloranta, E. W. and Zak, B. D. and Prenni, A. J. and Daniel, J. S. and Kok, G. L. and Tobin, D. C. and Holz, R. and Sassen, K. and Spangenberg, D. and Minnis, P. and Tooman, T. P. and Ivey, M. D. and Richardson, S. J. and Bahrmann, C. P. and Shupe, M. and DeMott, P. J. and Heymsfield, A. J. and Schofield, R.},
    month = feb,
    year = {2007},
    pages = {205--222},
}

@article{vihma:2005,
    title = {On the Factors Controlling the Snow Surface and 2-m Air Temperatures Over the Arctic Sea Ice in Winter},
    volume = {117},
    issn = {0006-8314, 1573-1472},
    url = {http://link.springer.com/10.1007/s10546-004-5938-7},
    doi = {10.1007/s10546-004-5938-7},
    language = {en},
    number = {1},
    urldate = {2023-01-23},
    journal = {Boundary-Layer Meteorology},
    author = {Vihma, Timo and Pirazzini, Roberta},
    month = oct,
    year = {2005},
    pages = {73--90},
}

@article{kahl:1999,
    title = {Decadal-scale variability in long-range atmospheric transport to the Summit of the Greenland Ice Sheet},
    volume = {26},
    issn = {00948276},
    url = {http://doi.wiley.com/10.1029/1999GL900021},
    doi = {10.1029/1999GL900021},
    language = {en},
    number = {4},
    urldate = {2023-01-23},
    journal = {Geophysical Research Letters},
    author = {Kahl, Jonathan D. W. and Galbraith, Jennifer A. and Martinez, Dewayne A.},
    month = feb,
    year = {1999},
    pages = {481--484},
}

@article{graham:2017,
    title = {Increasing frequency and duration of Arctic winter warming events},
    volume = {44},
    issn = {0094-8276, 1944-8007},
    url = {https://onlinelibrary.wiley.com/doi/10.1002/2017GL073395},
    doi = {10.1002/2017GL073395},
    language = {en},
    number = {13},
    urldate = {2023-01-23},
    journal = {Geophysical Research Letters},
    author = {Graham, Robert M. and Cohen, Lana and Petty, Alek A. and Boisvert, Linette N. and Rinke, Annette and Hudson, Stephen R. and Nicolaus, Marcel and Granskog, Mats A.},
    month = jul,
    year = {2017},
    pages = {6974--6983},
}

@article{cohen:2017,
    title = {Meteorological conditions in a thinner Arctic sea ice regime from winter to summer during the Norwegian Young Sea Ice expedition (N-ICE2015)},
    volume = {122},
    issn = {2169-897X, 2169-8996},
    url = {https://onlinelibrary.wiley.com/doi/abs/10.1002/2016JD026034},
    doi = {10.1002/2016JD026034},
    language = {en},
    number = {14},
    urldate = {2023-01-23},
    journal = {Journal of Geophysical Research: Atmospheres},
    author = {Cohen, Lana and Hudson, Stephen R. and Walden, Von P. and Graham, Robert M. and Granskog, Mats A.},
    month = jul,
    year = {2017},
    pages = {7235--7259},
}

@article{listowski:2017,
    title = {The microphysics of clouds over the Antarctic Peninsula – Part 2: modelling aspects within Polar WRF},
    volume = {17},
    issn = {1680-7324},
    url = {https://acp.copernicus.org/articles/17/10195/2017/},
    doi = {10.5194/acp-17-10195-2017},
    language = {en},
    number = {17},
    urldate = {2023-01-24},
    journal = {Atmospheric Chemistry and Physics},
    author = {Listowski, Constantino and Lachlan-Cope, Tom},
    month = aug,
    year = {2017},
    pages = {10195--10221},
}

@book{mcclatchey:1972,
    title = {Optical properties of the atmosphere},
    author = {McClatchey, RA},
    number = {411},
    year = {1972},
    publisher = {Air Force Cambridge Research Laboratories, Office of Aerospace Research}
}

@book{bohren:2006,
    title = {Fundamentals of atmospheric radiation: an introduction with 400 problems},
    author = {Bohren, Craig F and Clothiaux, Eugene E},
    year = {2006},
    publisher = {John Wiley \& Sons}
}

@book{bohren:2008,
    title = {Absorption and scattering of light by small particles},
    author = {Bohren, Craig F and Huffman, Donald R},
    year = {2008},
    publisher = {John Wiley \& Sons}
}

@book{ramanathan:1989,
    title = {Synchronization and distributed agreement in real-time systems},
    author = {Ramanathan, Parameswaran},
    year = {1989},
    publisher = {University of Michigan}
}

@book{placzek:1934,
    title = {Rayleigh-streuung und Raman-effekt},
    author = {Placzek, Georg},
    volume = {2},
    year = {1934},
    publisher = {Akademische Verlagsgesellschaft}
}


@article{kayser:2017,
    title = {Vertical thermodynamic structure of the troposphere during the Norwegian young sea ICE expedition (N-ICE2015)},
    volume = {122},
    issn = {2169-8996},
    url = {https://onlinelibrary.wiley.com/doi/abs/10.1002/2016JD026089},
    doi = {10.1002/2016JD026089},
    language = {en},
    number = {20},
    urldate = {2022-05-17},
    journal = {Journal of Geophysical Research: Atmospheres},
    author = {Kayser, Markus and Maturilli, Marion and Graham, Robert M. and Hudson, Stephen R. and Rinke, Annette and Cohen, Lana and Kim, Joo-Hong and Park, Sang-Jong and Moon, Woosok and Granskog, Mats A.},
    year = {2017},
    pages = {10,855--10,872},
}

@article{itkin:2017,
    title = {Thin ice and storms: Sea ice deformation from buoy arrays deployed during {N}-{ICE2015}: {THIN} {ICE} {AND} {STORMS}},
    volume = {122},
    issn = {21699275},
    url = {http://doi.wiley.com/10.1002/2016JC012403},
    doi = {10.1002/2016JC012403},
    language = {en},
    number = {6},
    urldate = {2023-01-24},
    journal = {Journal of Geophysical Research: Oceans},
    author = {Itkin, Polona and Spreen, Gunnar and Cheng, Bin and Doble, Martin and Girard-Ardhuin, Fanny and Haapala, Jari and Hughes, Nick and Kaleschke, Lars and Nicolaus, Marcel and Wilkinson, Jeremy},
    month = jun,
    year = {2017},
    pages = {4661--4674},
}

@article{campbell:2002,
    title = {Full-Time, Eye-Safe Cloud and Aerosol Lidar Observation at Atmospheric Radiation Measurement Program Sites: Instruments and DataProcessing},
    volume = {19},
    issn = {0739-0572, 1520-0426},
    url = {http://journals.ametsoc.org/doi/10.1175/1520-0426(2002)019<0431:FTESCA>2.0.CO;2},
    doi = {10.1175/1520-0426(2002)019<0431:FTESCA>2.0.CO;2},
    language = {en},
    number = {4},
    urldate = {2023-01-24},
    journal = {Journal of Atmospheric and Oceanic Technology},
    author = {Campbell, James R. and Hlavka, Dennis L. and Welton, Ellsworth J. and Flynn, Connor J. and Turner, David D. and Spinhirne, James D. and Scott, V. Stanley and Hwang, I. H.},
    month = apr,
    year = {2002},
    pages = {431--442},
}

@article{cogley:1984,
    title = {Effects of Cloudiness on the High-Latitude Surface Radiation Budget},
    volume = {112},
    issn = {0027-0644, 1520-0493},
    url = {http://journals.ametsoc.org/doi/10.1175/1520-0493(1984)112<1017:EOCOTH>2.0.CO;2},
    doi = {10.1175/1520-0493(1984)112<1017:EOCOTH>2.0.CO;2},
    language = {en},
    number = {5},
    urldate = {2023-01-24},
    journal = {Monthly Weather Review},
    author = {Cogley, J. Graham and Henderson-Sellers, A.},
    month = may,
    year = {1984},
    pages = {1017--1032},
}

@article{wiscombe:1980,
    title = {A Model for the Spectral Albedo of Snow. I: Pure Snow},
    volume = {37},
    issn = {0022-4928, 1520-0469},
    url = {http://journals.ametsoc.org/doi/10.1175/1520-0469(1980)037<2712:AMFTSA>2.0.CO;2},
    doi = {10.1175/1520-0469(1980)037<2712:AMFTSA>2.0.CO;2},
    language = {en},
    number = {12},
    urldate = {2023-01-24},
    journal = {Journal of the Atmospheric Sciences},
    author = {Wiscombe, Warren J. and Warren, Stephen G.},
    month = dec,
    year = {1980},
    pages = {2712--2733},
}

@article{ebert:1992,
    title = {A parameterization of ice cloud optical properties for climate models},
    volume = {97},
    issn = {0148-0227},
    url = {http://doi.wiley.com/10.1029/91JD02472},
    doi = {10.1029/91JD02472},
    language = {en},
    number = {D4},
    urldate = {2023-01-24},
    journal = {Journal of Geophysical Research},
    author = {Ebert, Elizabeth E. and Curry, Judith A.},
    year = {1992},
    pages = {3831},
}

@article{walsh:1998,
    title = {Arctic Cloud–Radiation–Temperature Associations in Observational Data and Atmospheric Reanalyses},
    volume = {11},
    issn = {0894-8755, 1520-0442},
    url = {http://journals.ametsoc.org/doi/10.1175/1520-0442(1998)011<3030:ACRTAI>2.0.CO;2},
    doi = {10.1175/1520-0442(1998)011<3030:ACRTAI>2.0.CO;2},
    language = {en},
    number = {11},
    urldate = {2023-01-24},
    journal = {Journal of Climate},
    author = {Walsh, John E. and Chapman, William L.},
    month = nov,
    year = {1998},
    pages = {3030--3045},
}

@article{curry:1996,
    title = {Overview of Arctic Cloud and Radiation Characteristics},
    volume = {9},
    issn = {0894-8755, 1520-0442},
    url = {http://journals.ametsoc.org/doi/10.1175/1520-0442(1996)009<1731:OOACAR>2.0.CO;2},
    doi = {10.1175/1520-0442(1996)009<1731:OOACAR>2.0.CO;2},
    language = {en},
    number = {8},
    urldate = {2023-01-24},
    journal = {Journal of Climate},
    author = {Curry, Judith A. and Schramm, Julie L. and Rossow, William B. and Randall, David},
    month = aug,
    year = {1996},
    pages = {1731--1764},
}

@article{grenfell:1999,
    title = {Representation of a nonspherical ice particle by a collection of independent spheres for scattering and absorption of radiation},
    volume = {104},
    issn = {01480227},
    url = {http://doi.wiley.com/10.1029/1999JD900496},
    doi = {10.1029/1999JD900496},
    language = {en},
    number = {D24},
    urldate = {2023-01-24},
    journal = {Journal of Geophysical Research: Atmospheres},
    author = {Grenfell, Thomas C. and Warren, Stephen G.},
    month = dec,
    year = {1999},
    pages = {31697--31709},
}

@article{schweiger:1994,
    title = {Arctic Ocean Radiative Fluxes and Cloud Forcing Estimated from the ISCCP C2 Cloud Dataset},
    volume = {33},
    issn = {0894-8763, 1520-0450},
    url = {http://journals.ametsoc.org/doi/10.1175/1520-0450(1994)033<0948:AORFAC>2.0.CO;2},
    doi = {10.1175/1520-0450(1994)033<0948:AORFAC>2.0.CO;2},
    language = {en},
    number = {8},
    urldate = {2023-01-24},
    journal = {Journal of Applied Meteorology},
    author = {Schweiger, Axel J. and Key, Jeffrey R.},
    month = aug,
    year = {1994},
    pages = {948--963},
}

@article{mlawer:1997,
    title = {Radiative transfer for inhomogeneous atmospheres: RRTM, a validated correlated-k model for the longwave},
    volume = {102},
    issn = {01480227},
    url = {http://doi.wiley.com/10.1029/97JD00237},
    doi = {10.1029/97JD00237},
    language = {en},
    number = {D14},
    urldate = {2023-01-24},
    journal = {Journal of Geophysical Research: Atmospheres},
    author = {Mlawer, Eli J. and Taubman, Steven J. and Brown, Patrick D. and Iacono, Michael J. and Clough, Shepard A.},
    month = jul,
    year = {1997},
    pages = {16663--16682},
}

@article{stramler:2011,
    title = {Synoptically Driven Arctic Winter States},
    volume = {24},
    issn = {1520-0442, 0894-8755},
    url = {http://journals.ametsoc.org/doi/10.1175/2010JCLI3817.1},
    doi = {10.1175/2010JCLI3817.1},
    language = {en},
    number = {6},
    urldate = {2023-01-24},
    journal = {Journal of Climate},
    author = {Stramler, Kirstie and Del Genio, Anthony D. and Rossow, William B.},
    month = mar,
    year = {2011},
    pages = {1747--1762},
}

@article{stillwell:2018,
    title = {Improved cloud-phase determination of low-level liquid and mixed-phase clouds by enhanced polarimetric lidar},
    volume = {11},
    issn = {1867-8548},
    url = {https://amt.copernicus.org/articles/11/835/2018/},
    doi = {10.5194/amt-11-835-2018},
    language = {en},
    number = {2},
    urldate = {2023-01-24},
    journal = {Atmospheric Measurement Techniques},
    author = {Stillwell, Robert A. and Neely III, Ryan R. and Thayer, Jeffrey P. and Shupe, Matthew D. and Turner, David D.},
    month = feb,
    year = {2018},
    pages = {835--859},
}

@book{key:2001,
    title = {FluxNet Version 4.0: User's Guide},
    author = {Key, Jeffrey R and Schweiger, Axel J},
    year = {2001},
    publisher = {University of Wisconsin--Madison}
}


@article{klett:1981,
    title = {Stable analytical inversion solution for processing lidar returns},
    volume = {20},
    issn = {0003-6935, 1539-4522},
    url = {https://opg.optica.org/abstract.cfm?URI=ao-20-2-211},
    doi = {10.1364/AO.20.000211},
    language = {en},
    number = {2},
    urldate = {2023-01-24},
    journal = {Applied Optics},
    author = {Klett, James D.},
    month = jan,
    year = {1981},
    pages = {211},
}

@article{schweiger:1999,
    title = {Arctic clouds in multiyear satellite data sets},
    volume = {26},
    issn = {00948276},
    url = {http://doi.wiley.com/10.1029/1999GL900479},
    doi = {10.1029/1999GL900479},
    language = {en},
    number = {13},
    urldate = {2023-01-25},
    journal = {Geophysical Research Letters},
    author = {Schweiger, Axel J. and Lindsay, R. W. and Key, J. R. and Francis, J. A.},
    month = jul,
    year = {1999},
    pages = {1845--1848},
}


% Chapter 3
% =========

%%% MEP
@article{wang:2009,
    title = {A model of surface heat fluxes based on the theory of maximum entropy production},
    volume = {45},
    issn = {00431397},
    url = {http://doi.wiley.com/10.1029/2009WR007900},
    doi = {10.1029/2009WR007900},
    language = {en},
    number = {11},
    urldate = {2022-08-31},
    journal = {Water Resources Research},
    author = {Wang, J. and Bras, Rafael L.},
    month = nov,
    year = {2009},
}

@article{wang:2014,
    title = {A model of energy budgets over water, snow, and ice surfaces},
    volume = {119},
    issn = {2169-8996},
    url = {https://onlinelibrary.wiley.com/doi/abs/10.1002/2013JD021150},
    doi = {10.1002/2013JD021150},
    language = {en},
    number = {10},
    urldate = {2022-06-17},
    journal = {Journal of Geophysical Research: Atmospheres},
    author = {Wang, Jingfeng and Bras, Rafael L. and Nieves, Veronica and Deng, Yi},
    year = {2014},
    pages = {6034--6051},
}

@article{zhang:2021,
    title = {Modeling turbulent heat fluxes over Arctic sea ice using a maximum-entropy-production approach},
    volume = {12},
    issn = {16749278},
    url = {https://linkinghub.elsevier.com/retrieve/pii/S1674927821000927},
    doi = {10.1016/j.accre.2021.07.003},
    language = {en},
    number = {4},
    urldate = {2022-06-13},
    journal = {Advances in Climate Change Research},
    author = {Zhang, Yi-Ming and Song, Mi-Rong and Dong, Chang-Ming and Liu, Ji-Ping},
    month = aug,
    year = {2021},
    pages = {517--526},
}

%% BULK
@book{foken:2008,
    title = {Micrometeorology},
    author = {Foken, Thomas and Napo, Carmen J},
    volume = {2},
    year = {2008},
    publisher = {Springer}
}

@article{merkouriadi:2017,
	title = {Winter snow conditions on Arctic sea ice north of Svalbard during the Norwegian young sea ICE (N-ICE2015) expedition},
	volume = {122},
	issn = {2169-8996},
	url = {https://onlinelibrary.wiley.com/doi/abs/10.1002/2017JD026753},
	doi = {10.1002/2017JD026753},
	language = {en},
	number = {20},
	urldate = {2022-07-18},
	journal = {Journal of Geophysical Research: Atmospheres},
	author = {Merkouriadi, Ioanna and Gallet, Jean-Charles and Graham, Robert M. and Liston, Glen E. and Polashenski, Chris and Rösel, Anja and Gerland, Sebastian},
	year = {2017},
	pages = {10,837--10,854},
}


@article{businger:1971,
	title = {Flux-Profile Relationships in the Atmospheric Surface Layer},
	volume = {28},
	issn = {0022-4928, 1520-0469},
	url = {http://journals.ametsoc.org/doi/10.1175/1520-0469(1971)028<0181:FPRITA>2.0.CO;2},
	doi = {10.1175/1520-0469(1971)028<0181:FPRITA>2.0.CO;2},
	language = {en},
	number = {2},
	urldate = {2022-08-31},
	journal = {Journal of the Atmospheric Sciences},
	author = {Businger, J. A. and Wyngaard, J. C. and Izumi, Y. and Bradley, E. F.},
	month = mar,
	year = {1971},
	pages = {181--189},
}

@article{dyer:1982,
  title = {An alternative analysis of flux-gradient relationships at the 1976 ITCE},
  author = {Dyer, AJ and Bradley, Edward F},
  journal = {Boundary-Layer Meteorology},
  volume = {22},
  number = {1},
  pages = {3--19},
  year = {1982},
  publisher = {Springer}
}

@article{gavrilov:1981,
  title = {Accuracy of the estimates for turbulent fluxes measured over the sea by standard hydrometeorological instruments},
  author = {Gavrilov, AS and Petrov, YS},
  journal = {Meteor i Gidrol},
  volume = {4},
  pages = {52--59},
  year = {1981}
} 

@article{foken:1990,
  title = {Stability dependence of the temperature structure parameter},
  author = {Foken, Th and Kretschmer, D},
  journal = {Boundary-layer meteorology},
  volume = {53},
  number = {1},
  pages = {185--189},
  year = {1990},
  publisher = {Springer}
}

@article{zilitinkevitsch:1968,
  title = {The vertical structure of the planetary boundary layer at unstable stratification},
  author = {Zilitinkevitsch, SS and Tschalikov, DW},
  journal= { Meteorologie und Hydrologie},
  volume = {6},
  pages = {41--49},
  year = {1968}
}

@article{zilitinkevich:2010,
	title = {An extended similarity theory for the stably stratified atmospheric surface layer},
	volume = {126},
	issn = {00359009},
	url = {https://onlinelibrary.wiley.com/doi/10.1002/qj.49712656617},
	doi = {10.1002/qj.49712656617},
	language = {en},
	number = {566},
	urldate = {2022-09-07},
	journal = {Quarterly Journal of the Royal Meteorological Society},
	author = {Zilitinkevich, Sergej and Calanca, Pierluigi},
	month = aug,
	year = {2010},
	pages = {1913--1923},
}

@article{andreas:2009,
    title = {ANNOUNCING THE SHEBA BULK TURBULENT FLUX ALGORITHM},
    language = {en},
    author = {Andreas, Edgar L and Persson, P Ola G and Grachev, Andrey A and Jordan, Rachel E and Guest, Peter S and Fairall, Christopher W and Horst, Thomas W},
    year = {2009},
    keywords = {Boundary layer, SHEBA},
    pages = {12},
}

@article{paulson:1970,
    title = {The Mathematical Representation of Wind Speed and Temperature Profiles in the Unstable Atmospheric Surface Layer},
    volume = {9},
    issn = {0021-8952},
    url = {http://journals.ametsoc.org/doi/10.1175/1520-0450(1970)009<0857:TMROWS>2.0.CO;2},
    doi = {10.1175/1520-0450(1970)009<0857:TMROWS>2.0.CO;2},
    language = {en},
    number = {6},
    urldate = {2022-08-31},
    journal = {Journal of Applied Meteorology},
    author = {Paulson, C. A.},
    month = dec,
    year = {1970},
    pages = {857--861},
}

@article{holtslag:1988,
    title = {Applied Modeling of the Nighttime Surface Energy Balance over Land},
    volume = {27},
    issn = {0894-8763, 1520-0450},
    url = {http://journals.ametsoc.org/doi/10.1175/1520-0450(1988)027<0689:AMOTNS>2.0.CO;2},
    doi = {10.1175/1520-0450(1988)027<0689:AMOTNS>2.0.CO;2},
    language = {en},
    number = {6},
    urldate = {2022-08-31},
    journal = {Journal of Applied Meteorology},
    author = {Holtslag, A. A. M. and De Bruin, H. A. R.},
    month = jun,
    year = {1988},
    pages = {689--704},
}

@article{beljaars:1991,
    title = {Flux Parameterization over Land Surfaces for Atmospheric Models},
    volume = {30},
    issn = {0894-8763, 1520-0450},
    url = {http://journals.ametsoc.org/doi/10.1175/1520-0450(1991)030<0327:FPOLSF>2.0.CO;2},
    doi = {10.1175/1520-0450(1991)030<0327:FPOLSF>2.0.CO;2},
    language = {en},
    number = {3},
    urldate = {2022-08-31},
    journal = {Journal of Applied Meteorology},
    author = {Beljaars, A. C. M. and Holtslag, A. A. M.},
    month = mar,
    year = {1991},
    pages = {327--341},
}

@article{andreas:311,
    title = {3.11 TURBULENT TRANSFER COEFFICIENTS AND ROUGHNESS LENGTHS OVER SEA ICE: THE SHEBA RESULTS},
    language = {en},
    author = {Andreas, Edgar L and Fairall, Christopher W and Grachev, Andrey A and Guest, Peter S and Horst, Thomas W and Jordan, Rachel E and Persson, P Ola G},
    keywords = {Boundary layer, SHEBA},
    pages = {10},
}

@article{handorf:1999,
    title = {The Stable Atmospheric Boundary Layer over an Antarctic ice Sheet},
    volume = {91},
    issn = {0006-8314, 1573-1472},
    url = {http://link.springer.com/10.1023/A:1001889423449},
    doi = {10.1023/A:1001889423449},
    language = {en},
    number = {2},
    urldate = {2023-01-25},
    journal = {Boundary-Layer Meteorology},
    author = {Handorf, Dörthe and Foken, Thomas and Kottmeier, Christoph},
    month = may,
    year = {1999},
    pages = {165--189},
}

@article{dyer:1974,
    title = {A review of flux-profile relationships},
    volume = {7},
    issn = {0006-8314, 1573-1472},
    url = {http://link.springer.com/10.1007/BF00240838},
    doi = {10.1007/BF00240838},
    language = {en},
    number = {3},
    urldate = {2023-01-25},
    journal = {Boundary-Layer Meteorology},
    author = {Dyer, A. J.},
    month = nov,
    year = {1974},
    pages = {363--372},
}


@article{lente:2020,
	title = {Barometric formulas: various derivations and comparisons to environmentally relevant observations},
	volume = {6},
	issn = {2199-3793},
	url = {http://link.springer.com/10.1007/s40828-020-0111-6},
	doi = {10.1007/s40828-020-0111-6},
	language = {en},
	number = {2},
	urldate = {2023-02-09},
	journal = {ChemTexts},
	author = {Lente, Gábor and Ősz, Katalin},
	month = jun,
	year = {2020},
	pages = {13},
}

@book{iribarne:2981,
title = {Atmospheric Thermodynamics},
author = {J. V. Iribarne and W. L. Godson},
pages = {65}
}

% Chapter 4
% =========

% Chapter 5
% =========